@BOOK{Laudon1999,
  title = {Information Systems and the Internet: A Problem-Solving Approach},
  publisher = {The Dryden Press, Fort Worth},
  year = {1999},
  author = {Kenneth C. Laudon and Jane P. Laudon},
  pages = {1-31},
  edition = {4th},
  timestamp = {2013.10.30}
}

@BOOK{Trost2010,
  title = {Interview i praksis},
  publisher = {Hans Reitzels Forlag},
  year = {2010},
  author = {Jan Trost and Lise Jeremiassen},
  timestamp = {2013.10.23}
}

@BOOK{Lindgaard2005,
  title = {Power i projekt og porteføljer},
  publisher = {Jurist- og Økonomiforbundets Forlag},
  year = {2005},
  author = {Mette Lindgaard and John Ryding Olsson},
  timestamp = {2013.10.30}
}

@misc{AalborgModellen,
  title = {Aalborg Modellen},
  url = {http://www.aau.dk/om-aau/aalborg-modellen-problembaseret-laering},
  year = {2013},
  author = {AAU},
  language = {Dansk},
  note = {Hentet den 30. oktober 2013},
  timestamp = {2013.10.30}
}

@misc{AAUoptag,
  title = {AAU-Optag},
  url = {http://www.tal.aau.dk/studerende/heltidsstuderende/optag/},
  year = {2013},
  author = {AAU},
  note = {Hentet den 30. oktober 2013},
  urldate = {2013.10.30}
}

@misc{AAUstuderende,
  title = {AAUs historie},
  url = {http://www.tal.aau.dk/studerende/heltidsstuderende/bestand/},
  year = {2013},
  author = {AAU},
  note = {Hentet den 14. november 2013},
  urldate = {2013.11.14}
}

@misc{AAUudvider,
  title = {AAU udvider},
  url = {http://www.aalborgkommune.dk/SiteCollectionDocuments/AAU_udvider!.pdf},
  year = {2013},
  author = {AAU},
  note = {Hentet den 30. oktober 2013},
  urldate = {2013.10.30}
}

@misc{AAUshistorie,
  title = {AAUs historie},
  url = {http://www.aau.dk/om-aau/historie-priser/historie/},
  year = {2013},
  author = {AAU},
  note = {Hentet den 06. november 2013},
  urldate = {2013.11.06}
}

@misc{Regeringenspolitik,
  title = {Regeringens Politik},
  url = {http://www.socialdemokraterne.dk/default.aspx?func=blockpage.view&id=717104},
  year = {2013},
  author = {Socialdemokraterne},
  note = {Hentet den 17. november 2013},
  urldate = {2013.11.17}
}

@misc{budget_2013_aau,
  title = {Forslag til budget 2013},
  url = {http://www.okonomi.aau.dk/digitalAssets/60/60149_forslag-til-budget-2013-web.pdf},
  language = {Dansk},
  urldate = {2013-11-28},
  publisher = {Aalborg Universitet},
  author = {{AAU Økonomi}}
}

@misc{Optagelse_AAU,
  title = {Nyheder om uddannelse},
  url = {http://www.aau.dk/nyheder/uddannelse/vis/aau-har-soegningsrekord-for-5.-aar-i-traek-.cid86756},
  urldate = {2013-12-05},
  month = {dec},
  year = {2013},
  author = {AAU}
}

@misc{Brute_Force_Wiki,
  title = {Brute force},
  url = {http://da.wikipedia.org/wiki/Brute_force},
  urldate = {2013-12-10},
  year = {2013},
  language = {Dansk},
  author = {Wikipedia}
}

@misc{Sekretaer_lon,
  title = {Sekretær lønninger og lønstatistik administration},
  url = {http://www.lonstatistik.dk/lonninger.asp?filter=1},
  urldate = {2013-12-10},
  year = {2013},
  author = {Lønstatistik}
}

@misc{MULKNAP,
  title = {Multiple knapsack problem libary},
  url = {http://www.diku.dk/~pisinger/mulknap.c},
  urldate = {2013-12-12},
  year = {1998},
  author = {David Pisinger}
}

@book{Knapsack_problem,
  title = {Knapsack Problems},
  year = {1990},
  url = {http://www.or.deis.unibo.it/kp/KnapsackProblems.pdf},
  language = {Engelsk},
  urldate = {2013-12-12},
  publisher = {John Wiley \& Sons Ltd.},
  author = {Silvano Martello and Paolo Toth}
}

@misc{BoatCloud,
  title = {BoatCloud},
  url = {http://www.boatcloud.com/clubhub.htm},
  urldate = {2014-02-13},
  year = {2014},
  author = {Anderson Software}
}
 
@misc{SailClub,
  title = {Sailing Club Manager},
  url = {http://www.sailingclubmanager.com},
  urldate = {2014-02-13},
  year = {2014},
  author = {SailingClubManager}
}

@misc{SundetUdlaan,
  title = {Sejlklubben Sundet - Udlån},
  url = {http://sundet.dk/baadudlaan/baadlaan.htm},
  urldate = {2014-02-13},
  year = {2014},
  author = {{Sejlklubben Sundet}}
}